@article{Beardsley2014,
keywords = {basic},
author = {Beardsley, Brett and Matthews, Stephen A},
file = {:home/aldomann/.local/share/data/Mendeley Ltd./Mendeley Desktop/Downloaded/Beardsley, Matthews - 2014 - A Spatial Analysis of Predictors of Different Types of Crime in Chicago Community Areas Research Questions.pdf:pdf},
pages = {1--14},
title = {{A Spatial Analysis of Predictors of Different Types of Crime in Chicago Community Areas Research Questions}},
year = {2014}
}

@book{Wortley2008,
keywords = {basic},
address = {Portland, Or. :},
author = {Wortley, Richard and Mazerolle, Lorraine Green.},
doi = {10.4324/9780203118214},
isbn = {9780203118214},
issn = {1460-3780},
pages = {xxi, 294},
publisher = {Willan},
title = {{Environmental Criminology and Crime Analysis}},
url = {http://www.tandfebooks.com/isbn/9780203118214},
year = {2008}
}

@inbook{Wilson2008,
address = {Boston, MA},
author = {Wilson, Ronald E and Filbert, Katie M},
booktitle = {Encyclopedia of GIS},
doi = {10.1007/978-0-387-35973-1_226},
isbn = {978-0-387-35973-1},
pages = {180--186},
publisher = {Springer US},
title = {{Crime Mapping and Analysis}},
url = {https://doi.org/10.1007/978-0-387-35973-1{\_}226},
year = {2008}
}

@article{Boba2004,
keywords = {basic},
author = {Boba, Rachel},
file = {:home/aldomann/.local/share/data/Mendeley Ltd./Mendeley Desktop/Downloaded/Boba - 2004 - Interpreting Crime Data and Statistics.pdf:pdf},
journal = {Exploring Crime},
keywords = {Crime Analysis,Data Interpreting,Statistic},
pages = {158--162},
title = {{Interpreting Crime Data and Statistics}},
year = {2004}
}

@book{Anselin201397,
keywords = {basic},
annote = {cited By 8},
author = {Anselin, L and Griffiths, E and Tita, G},
booktitle = {Environmental Criminology and Crime Analysis},
doi = {10.4324/9780203118214},
pages = {97--116},
title = {{Crime mapping and hot spot analysis}},
url = {https://www.scopus.com/inward/record.uri?eid=2-s2.0-84906130838{\&}doi=10.4324{\%}2F9780203118214{\&}partnerID=40{\&}md5=427431ab50002c1b68ae50903fb73f56},
year = {2013}
}

@online{o:chiago-tribune,
keywords = {basic},
title = {{Crime in Chicagoland - Chicago Tribune}},
url = {http://crime.chicagotribune.com/}
}

@online{o:shiny,
keywords = {basic},
title = {{Shiny}},
url = {https://shiny.rstudio.com/}
}

@online{o:shinyapps,
keywords = {basic},
title = {{shinyapps.io by RStudio}},
url = {https://www.shinyapps.io/}
}

@online{o:shinyapps-docs,
keywords = {basic},
title = {{shinyapps.io user guide}},
url = {http://docs.rstudio.com/shinyapps.io/}
}

@online{o:population,
keywords = {basic},
title = {{Biggest US Cities}},
url = {https://www.biggestuscities.com/}
}

%-----------------------------------------------------------------

@online{l:cc-0,
keywords = {license},
title = {{Creative Commons 0 1.0 Universal (CC0 1.0) }},
url = {https://creativecommons.org/publicdomain/zero/1.0/}
}

@online{l:cc-bysa3,
keywords = {license},
title = {{Creative Commons Attribution-ShareAlike 3.0 (CC BY-SA 3.0)}},
url = {https://creativecommons.org/licenses/by-sa/3.0/}
}

@online{l:pddl1,
keywords = {license},
title = {{ODC Public Domain Dedication and Licence (PDDL)}},
url = {https://opendatacommons.org/licenses/pddl/1.0/}
}

@online{l:by1,
keywords = {license},
title = {{ODC Attribution License 1.0 (ODC-By)}},
url = {https://opendatacommons.org/licenses/by/1.0/}
}


%-----------------------------------------------------------------

@online{ds:minneapolis,
keywords = {dataset},
title = {{Minneapolis RAW Data Set}},
url= {http://opendata.minneapolismn.gov/datasets?t=public%20safety}
}

@online{ds:bmore,
keywords = {dataset},
title = {{Baltimore RAW Data Set}},
url= {https://data.baltimorecity.gov/browse?category=Public%20Safety}
}

@online{ds:nyc,
keywords = {dataset},
title = {{New York City RAW Data Set}},
url= {https://data.cityofnewyork.us/Public-Safety/NYPD-Complaint-Data-Historic/qgea-i56i}
}

@online{ds:,
keywords = {dataset},
title = {{Austin RAW Data Set}},
url= {https://data.austintexas.gov/Public-Safety/APD-Incident-Extract-YTD/b4y9-5x39}
}

@online{ds:la,
keywords = {dataset},
title = {{Los Angeles RAW Data Set}},
url= {https://data.lacity.org/A-Safe-City/Crime-Data-from-2010-to-Present/y8tr-7khq}
}

@online{ds:seattle,
keywords = {dataset},
title = {{Seattle RAW Data Set}},
url= {https://data.seattle.gov/Public-Safety/Seattle-Police-Department-911-Incident-Response/3k2p-39jp}
}

@online{ds:dallas,
keywords = {dataset},
title = {{Dallas RAW Data Set}},
url= {https://www.dallasopendata.com/Public-Safety/All-Crime/p9zb-d4n6}
}

@online{ds:sanfran,
keywords = {dataset},
title = {{San Francisco RAW Data Set}},
url= {https://data.sfgov.org/Public-Safety/Police-Department-Incidents/tmnf-yvry}
}

@online{ds:chicago,
keywords = {dataset},
title = {{Chicago RAW Data Set}},
url= {https://data.cityofchicago.org/Public-Safety/Crimes-2001-to-present/ijzp-q8t2}
}

@online{ds:detroit,
keywords = {dataset},
title = {{Detroit RAW Data Set}},
url= {https://data.detroitmi.gov/Public-Safety/DPD-All-Crime-Incidents-January-1-2009-December-6-/invm-th67}
}

@online{ds:washington,
keywords = {dataset},
title = {{Metro Area RAW Data Set}},
url= {http://crimemap.dc.gov/CrimeMapSearch.aspx#tabs-GeoOther}
}

@online{ds:philly,
keywords = {dataset},
title = {{Philadelphia RAW Data Set}},
url= {https://www.opendataphilly.org/dataset/crime-incidents}
}

@online{ds:atlanta,
keywords = {dataset},
title = {{Atlanta RAW Data Set}},
url= {http://www.atlantapd.org/i-want-to/crime-data-downloads}
}

@online{ds:portlant,
keywords = {dataset},
title = {{Portland RAW Data Set}},
url= {https://www.portlandoregon.gov/police/71978}
}


%-----------------------------------------------------------------
%    PLANTILLES
%-----------------------------------------------------------------

% @article{a:Xarticle,
% 	author    = {},
% 	title     = {{}},
% 	journal   = {},
% 	year      = {},
% 	month     = {},
% 	%volume    = {},
% 	%number    = {},
% 	%pages     = {},
% 	%note      = {},
% }

% @book{b:Xbook,
% 	author    = {},
% 	title     = {{}},
% 	publisher = {},
% 	%volume    = {},
% 	%number    = {},
% 	%series    = {},
% 	%address   = {},
% 	%edition   = {},
% 	year      = {},
% 	%month     = {},
% 	%note      = {},
% }

% @online{o:Xonline,
% 	author    = {},
% 	title     = {{}},
% 	url       = {}
% }

