@article{a:guillen-performance,
	author    = {M. Guillén and J.P. Nielsen and A.M. Pérez-Marín and K.S. Petersen},
	title     = {{Performance measurement of pension strategies: a case study of Danish life cycle products}},
	journal   = {Sc andinavian Actuarial Journal},
	year      = {2012},
	volume    = {2012},
}

@article{a:guillen-guarantee,
	author    = {M. Guillén and A.K. Konicz and J.P. Nielsen and A.M. Pérez-Marín},
	title     = {{Do not pay for a Danish interest guarantee. The law of the triple blow}},
	journal   = {The annals of Actuarial Science},
	year      = {2013},
	volume    = {7},
}

@article{a:perold-constant,
	author    = {A. Perold},
	title     = {{Constant portfolio insurance}},
	journal   = {Harvard Business School},
	year      = {1986},
}

@article{a:guillen-optimisation,
author = {Gerrard, Russell and Guill{\'{e}}n, Montserrat and Nielsen, Jens Perch and P{\'{e}}rez-Mar{\'{i}}n, Ana M.},
doi = {10.1155/2014/510531},
issn = {1537744X},
journal = {The Scientific World Journal},
title = {{Long-run savings and investment strategy optimization}},
volume = {2014},
year = {2014}
}


@article{a:samuelson-speculative,
	author    = {Paul A. Samuelson},
	title     = {{Mathematics of Speculative Price}},
	journal   = {SIAM Review},
	year      = {1973},
	volume    = {15}
}


@article{a:markowitz-portfolio,
	author    = {Harry M. Markowitz},
	title     = {{Foundations of Portfolio Theory}},
	journal   = {Journal of Finance},
	year      = {1991},
}

@article{a:bertsimas-shortfall,
	author    = {Dimitris Bertsimas and Geoffrey J. Lauperete and Alexander Samarov},
	title     = {{Shortfall as a risk measure: properties, optimization  and applications}},
	journal   = {Journal of Economic Dynamics \& Control},
	year      = {2004},
	volume    = {28},
}

@article{a:donnelly-savings-decisions,
	author    = {Catherine Donnelly and Montserrat Guillen and Jens Perch Nielsen and Ana Maria Pérez-Marín},
	title     = {{Implementing individual savings decisions for retirement with bounds on wealth}},
	journal   = {ASTIN Bulletin: The Journal of the IAA},
	year      = {2018},
	volume    = {48},
}

@article{a:brautigam-pool,
	author    = {Marcel Bräutigam and Montserrat Guillén and Jens P. Nielsen},
	title     = {{Facing Up to Longevity with Old Actuarial Methods: A Comparison of Pooled Funds and Income Tontines}},
	journal   = {The Geneva Papers},
	year      = {2017},
	volume    = {42},
}

@article{a:bongaarts-human,
	author    = {John Bongaarts},
	title     = {{Human Population Growth and the Demographic Transition}},
	journal   = {Philosophical Transacions of the Royal Society B: Biological Sciences},
	year      = {2009},
}

@article{a:donnelly-transparency,
	author    = {Catherine Donnelly and Montserrat Guillén and Jens Perch Nielsen},
	title     = {{Bringing cost transparency to the life annuity market}},
	journal   = {Elsevier},
	year      = {2014},
}

@article{a:schmeiser-binomial,
	author    = {Kachitvichyanukul, V. and Schmeiser, B. W. },
	title     = {{Binomial random variate generation.}},
	journal   = {AMC},
	year      = {1988},
}

@article{a:mcneil-es,
	author    = {A.J. McNeil and R. Frey and P. Embrechts},
	title     = {{Quantitative Risk Management. Concepts, Techniques and Tools}},
	journal   = {Princeton University Press},
	year      = {2005},
}

@article{a:iserra-risk,
	author    = {C. Bolancé and A. Cabaña and A. Pitarque and I. Serra},
	title     = {{Scale-free and Location-free Risk Measures}},
	journal   = {7th Workshop on Risk Management and Insurance},
	year      = {2018},
}


@book{b:handbook-natural,
	author    = {Grzegorz Rozenberg},
	title     = {{Handbook of Natural Computing}},
	publisher = {Springer},
	volume    = {4},
	year      = {2012},

}

@book{b:cootner-random,
	author    = {Paul H. Cootner},
	title     = {{The Random Character of Stock Prices}},
	publisher = {Journal of Political Economy},
	volume    = {72},
	year      = {1966},
}

@book{b:demographic,
	author    = {John C. Caldwell},
	title     = {{Demographic Transition Theory}},
	publisher = {Springer},
	year      = {2006},
}

@online{o:mortality-table,
keywords = {mortality},
title = {{Mortality Table}},
url = {http://www.ine.es/dyngs/INEbase/es/operacion.htm?c=Estadistica_C&cid=1254736177004&menu=ultiDatos&idp=1254735573002}
}

